@book{ adams1995,
  title={The Hitchhiker's Guide to the Galaxy},
  author={Adams, D.},
  year={1995},
  publisher={San Val},
  url={www.amazon.com},
  note="something",
}


% Kun for testing av harvardstilen
@book{ mangefolk,
    title={En lang boktittel med mange forfattere},
    author={Bjarne Brøndbo and Svein-Kåre Bjørnsen and Bo Løkke and Kalle Klovn},
    year={2020},
    edition={1.},
    publisher={Kronidiotforlaget},
}

% Kun for testing av harvardstilen
@book{ ae,
    title={En lang boktittel med mange forfattere},
    author="Hennging Ærstad",
    year={2020},
    edition={1.},
    publisher={Kronidiotforlaget},
}
% Kun for testing av harvardstilen
@book{ oe,
    title={En lang boktittel med mange forfattere},
    author="Henning Ørstad",
    year={2020},
    edition={1.},
    publisher={Kronidiotforlaget},
}
% Kun for testing av harvardstilen
@book{ aa,
    title={En lang boktittel med mange forfattere},
    author="Henning Årstad",
    year={2020},
    edition={1.},
    publisher={Kronidiotforlaget},
}

@image-noauthor{ testimage1,
    title="Testbilde",
    medium="Digitalt bilde",
    year="2020",
    url="www.google.com",
    urldate="\today",
}
@image-organization{ testimage2,
    title="Testbilde",
    author="Balle Fransen",
    medium="Digitalt bilde",
    year="2020",
    url="www.google.com",
    urldate="\today",
}

% kun for testing av harvardstilen
@book{ faafolk,
    title={En lang boktittel med bare tre forfattere},
    author={Douglas Adams and Bo Løkke and Kalle Klovn},
    year={2020},
    edition={5.},
    publisher={Kronidiotforlaget},
}

% kun for testing av harvardstilen -- skal ikke dukke opp i referanselisten
@book{ ikkereferert,
    title={En bok som ikke blir referert til i referanselisten},
    author={Kalle Klovn},
    year={2019},
    edition={1.},
    publisher={Kronidiotforlaget},
}


@wiki-noauthor{ brokerPatternWiki,
    title={Broker Pattern},
    year={2020},
    wikititle={Wikipedia, The Free Encyclopedia},
    url={https://en.wikipedia.org/w/index.php?title=Broker_pattern&oldid=966311045},
    urldate={3. september 2020},
}

@webarticle{ microsoftBroker,
    title={{Microsoft patterns \& practices}},
    author={Alex Homer},
    year={2020},
    url={https://docs.microsoft.com/en-us/previous-versions/msp-n-p/ff648096(v=pandp.10)?redirectedfrom=MSDN},
    urldate={20. august 2020},
}

@website-noauthor{ sp.org-anti-pattern,
    title="Anti Pattern",
    year="u.å.",
    url="http://software-pattern.org/Category/15",
    urldate="\today",
}

@video{ henney-clean-coders-hate,
    title="Clean Coders Hate What Happens to Your Code When You Use These Enterprise Programming Tricks",
    author="Kevlin Henney",
    year="2017",
    url="https://www.youtube.com/watch?v=FyCYva9DhsI",
    urldate="31. august 2020",
}

@webarticle-organization{ blueacorn-anti-patterns,
    title="Anti-Patterns: How to Identify and Prevent Issues During Development",
    author="Blue Acorn iCi",
    year="2015",
    url="https://www.blueacornici.com/blog/anti-patterns/",
    urldate="31. august 2020",
}


@image-organization{fig-aws-scale-out,
    title="Uten tittel",
    author="Ninja of Three",
    year="2012",
    medium="Digital illustrasjon",
    url="https://cacoo.com/diagrams/2XNdewVsgellO3x8-67124.png",
    urldate="6. september 2020",
}
